<record><leader>00000cas a22000007a 4500</leader><controlfield tag="001">8801309</controlfield><controlfield tag="008">820923c19259999ksudn ne      0   a0eng  </controlfield><datafield ind1=" " ind2=" " tag="010"><subfield code="a">sn 82015075 </subfield></datafield><datafield ind1=" " ind2=" " tag="040"><subfield code="a">DLC</subfield><subfield code="b">eng</subfield><subfield code="c">DLC</subfield><subfield code="d">NSD</subfield><subfield code="d">NPT</subfield><subfield code="d">DLC</subfield><subfield code="d">CUS</subfield><subfield code="d">OCLCQ</subfield><subfield code="d">OCLCO</subfield><subfield code="d">OCLCF</subfield></datafield><datafield ind1=" " ind2=" " tag="012"><subfield code="m">1</subfield></datafield><datafield ind1="1" ind2=" " tag="022"><subfield code="a">0745-127X</subfield><subfield code="l">0745-127X</subfield><subfield code="2">1</subfield></datafield><datafield ind1="1" ind2=" " tag="029"><subfield code="a">AU@</subfield><subfield code="b">000025826776</subfield></datafield><datafield ind1="1" ind2=" " tag="029"><subfield code="a">NZ1</subfield><subfield code="b">16068647</subfield></datafield><datafield ind1=" " ind2=" " tag="032"><subfield code="a">478060</subfield><subfield code="b">USPS</subfield></datafield><datafield ind1=" " ind2=" " tag="037"><subfield code="b">Salina Journal Inc., P.0. Box 779, Salina, KS 67401</subfield></datafield><datafield ind1=" " ind2=" " tag="042"><subfield code="a">msc</subfield><subfield code="a">nsdp</subfield></datafield><datafield ind1="0" ind2="0" tag="050"><subfield code="a">Newspaper 7857</subfield></datafield><datafield ind1=" " ind2="4" tag="222"><subfield code="a">The Salina journal</subfield></datafield><datafield ind1="0" ind2="4" tag="245"><subfield code="a">The Salina journal.</subfield></datafield><datafield ind1=" " ind2=" " tag="260"><subfield code="a">Salina, Kan. :</subfield><subfield code="b">General Newspaper Pub. Co.,</subfield><subfield code="c">1925-</subfield></datafield><datafield ind1=" " ind2=" " tag="300"><subfield code="a">v. :</subfield><subfield code="b">ill. ;</subfield><subfield code="c">61 cm.</subfield></datafield><datafield ind1=" " ind2=" " tag="310"><subfield code="a">Daily (except Sun.)</subfield></datafield><datafield ind1="0" ind2=" " tag="362"><subfield code="a">Vol. 40, no. 245 (Oct. 13, 1925)-</subfield></datafield><datafield ind1=" " ind2=" " tag="500"><subfield code="a">Published by Salina Journal, Inc., July 1, 1938- .</subfield></datafield><datafield ind1=" " ind2=" " tag="500"><subfield code="a">"Independent." Cf. Ayer, 1962.</subfield></datafield><datafield ind1=" " ind2="0" tag="651"><subfield code="a">Salina (Kan.)</subfield><subfield code="v">Newspapers.</subfield></datafield><datafield ind1=" " ind2="7" tag="655"><subfield code="a">Newspapers.</subfield><subfield code="2">fast</subfield><subfield code="0">(OCoLC)fst01423814</subfield></datafield><datafield ind1=" " ind2="7" tag="651"><subfield code="a">Kansas</subfield><subfield code="z">Salina.</subfield><subfield code="2">fast</subfield><subfield code="0">(OCoLC)fst01202728</subfield></datafield><datafield ind1=" " ind2=" " tag="752"><subfield code="a">United States</subfield><subfield code="b">Kansas</subfield><subfield code="c">Saline</subfield><subfield code="d">Salina.</subfield></datafield><datafield ind1="0" ind2="4" tag="780"><subfield code="t">Salina evening journal</subfield><subfield code="w">(DLC)sn 85030813</subfield></datafield><datafield ind1="0" ind2="4" tag="780"><subfield code="t">Salina daily union</subfield><subfield code="w">(DLC)sn 85032682</subfield></datafield><datafield ind1=" " ind2=" " tag="936"><subfield code="a">Unknown</subfield><subfield code="a">Sept. 23, 1982</subfield></datafield></record>